@online{Pressefreiheit,
	author = "Holger Schnittker",
	title = "Ãœberwachung im Ersten Weltkrieg (1914-1918)",
	url = "http://pressefreiheit-wissen.de/geschichte/erster-weltkrieg.html",
	addendum="(zugegriffen: 15.05.2018)"
}

@online{Zensur,
	author = "Wikipedia",
	title = "Briefzensur",
	url = "https://de.wikipedia.org/wiki/Briefzensur",
	addendum = "(zugegriffen: 15.05.2018)"
}

@online{Partiell,
	author = "Wictionary",
	title = "partiell - Wictionary",
	url = "https://de.wiktionary.org/wiki/partiell",
	addendum = "(zugegriffen: 16.05.2018)"
}
